<?xml version="1.0" encoding="UTF-8"?><collection><record><leader>06490ntm a2200709 a 4500</leader><controlfield tag="001">006768261</controlfield><controlfield tag="003">MiAaHDL</controlfield><controlfield tag="005">20190719000000.0</controlfield><controlfield tag="006">m        d        </controlfield><controlfield tag="007">cr bn ---auaua</controlfield><controlfield tag="008">090505s1714    xx            00| ||ara d</controlfield><datafield tag="035" ind1=" " ind2=" "><subfield code="a">(MiU)006768261</subfield></datafield><datafield tag="035" ind1=" " ind2=" "><subfield code="a">sdr-miu006768261</subfield></datafield><datafield tag="040" ind1=" " ind2=" "><subfield code="a">MiU</subfield><subfield code="c">MiU</subfield><subfield code="e">amremm</subfield></datafield><datafield tag="041" ind1="0" ind2=" "><subfield code="a">ara</subfield><subfield code="a">per</subfield><subfield code="a">ota</subfield></datafield><datafield tag="043" ind1=" " ind2=" "><subfield code="a">n-us-mi</subfield></datafield><datafield tag="100" ind1="1" ind2=" "><subfield code="6">880-01</subfield><subfield code="a">Ghaznawī, Aḥmad,</subfield><subfield code="d">-1196 or 1197.</subfield></datafield><datafield tag="245" ind1="1" ind2="0"><subfield code="6">880-02</subfield><subfield code="a">[Muqaddimat al-Ghaznawī ... etc.,</subfield><subfield code="f">1125, i.e. 1714].</subfield></datafield><datafield tag="260" ind1=" " ind2=" "><subfield code="c">[1714]</subfield></datafield><datafield tag="300" ind1=" " ind2=" "><subfield code="a">82 leaves :</subfield><subfield code="b">paper ;</subfield><subfield code="c">217 x 155 (154 x 86) mm. bound to 220 x 160 mm.</subfield></datafield><datafield tag="500" ind1=" " ind2=" "><subfield code="a">Shelfmark: Ann Arbor, University of Michigan, Special Collections Library, Isl. Ms. 504</subfield></datafield><datafield tag="500" ind1=" " ind2=" "><subfield code="a">Origin: According to colophon on fol.69b, copied by ʻAbd Allāh ibn Khalīl Chāvush (Abdullah b. Halil Çavuş). Copying of first work completed 3 Dhū al-Ḥijjah 1125 [ca. 21 December 1713] (see fol.69b). Copying of second work completed 20 Dhū al-Ḥijjah 1125 [ca. 7 January 1714] (see fol.74a). No date given for completion of copying for third work.</subfield></datafield><datafield tag="500" ind1=" " ind2=" "><subfield code="a">Accompanying materials: a. Acquisitions slip from Yahuda.</subfield></datafield><datafield tag="500" ind1=" " ind2=" "><subfield code="a">Former shelfmark: From inner front cover and spine label, "IL 357" (likely supplied by Yahuda, see acquisitions slip); head of textblock inscribed "۹۳".</subfield></datafield><datafield tag="500" ind1=" " ind2=" "><subfield code="a">Binding: Thin pasteboards covered in red leather; Type III binding (without flap); board linings and flyleaves of machine wove paper; blind-tooled decorative border on upper and lower covers; pasted label on spine; sewn in blue thread, two stations; worked chevron endbands in magenta and dark blue [?], good condition; overall in good condition.</subfield></datafield><datafield tag="500" ind1=" " ind2=" "><subfield code="a">Support: European laid paper with roughly 12 laid lines per cm. (vertical), chain lines (horizontal) spaced 20-24 mm. apart, and watermark of three crescents (tre lune, perpendicular to chains, roughly 85 mm. long, see p.14, 74, etc.), thin though sturdy, dark cream in color, well-burnished.</subfield></datafield><datafield tag="500" ind1=" " ind2=" "><subfield code="a">Decoration: Red rule-borders throughout; red discs and geometric figures serve as textual dividers in the final work of the codex; section headings rubricated ; overlining in red.</subfield></datafield><datafield tag="500" ind1=" " ind2=" "><subfield code="a">Script: Naskh; very fine, clear, Turkish hand, rounded and tilting slightly to the left with free standing alif sans serif and letters such as lām, ṭāʼ, ẓāʼ serrifed, though inconsistently; unusual form for lām alif ligatures where serif of alif closes to form a round loop not unlike the numeral "۹" (see fol.3b, etc.); all three texts copied in the same hand.</subfield></datafield><datafield tag="500" ind1=" " ind2=" "><subfield code="a">Layout: Written in 15 lines per page.</subfield></datafield><datafield tag="500" ind1=" " ind2=" "><subfield code="a">Collation: 2 (2), 7 V (72), I (74), IV (82); chiefly quinions; catchwords present; foliation in black ink, Hindu-Arabic numerals, begins with folio following the incipit page; pagination in pencil, Western numerals, supplied during cataloguing.</subfield></datafield><datafield tag="500" ind1=" " ind2=" "><subfield code="a">Explicit: "خاتمة الكتاب اربعينهاى سالكان جامى هست بهر وصول صدر قبول نبود [كذا] فضل حق عجيب وغريب كه ازبعين [كذا] رسى بوصول اثر اربعين اهل سلوك قرب حق رتبه سن قيلور حاصل اوفر تركيسم فضولى مسكين اوله بو اربعينله واصل تمت الكتاب"</subfield></datafield><datafield tag="500" ind1=" " ind2=" "><subfield code="a">Incipit: "الحمد لله الذي عم البلاد بنعمته وارفاده وخص العباد بهدايته وخلق النهار بانواره والليل بسواده والغيم بامطاره والسحاب بارعاده... اما بعد لما رايت قصور همم الناس في طلب العلم ... هداني ذلك ان اجمع لهم مختصرا نافعا في العبادات"</subfield></datafield><datafield tag="500" ind1=" " ind2=" "><subfield code="a">Title supplied by cataloguer.</subfield></datafield><datafield tag="500" ind1=" " ind2=" "><subfield code="a">Ms. codex.</subfield></datafield><datafield tag="505" ind1="0" ind2=" "><subfield code="a">6. fol. 74b-82b : Tarjamat arbaʻīn ḥadīthan / Mawlānā Nūr al-Dīn ʻAbd al-Raḥmān Jāmī ; Mehmet bin Süleyman Fuzulî.</subfield></datafield><datafield tag="505" ind1="0" ind2=" "><subfield code="a">5. fol. 69b-74a : Kitāb Fiqh al-akbar / [Abū Ḥanifah].</subfield></datafield><datafield tag="505" ind1="0" ind2=" "><subfield code="a">4. fol. 3b-69b : [Muqaddimat al-Ghaznawī] / Aḥmad al-Ghaznawī.</subfield></datafield><datafield tag="505" ind1="0" ind2=" "><subfield code="a">3. fol. 3a : [blank with later notes].</subfield></datafield><datafield tag="505" ind1="0" ind2=" "><subfield code="a">2. fol. 1b-2b : [table of contents].</subfield></datafield><datafield tag="505" ind1="0" ind2=" "><subfield code="a">1. fol. 1a : [blank with later notes].</subfield></datafield><datafield tag="510" ind1="4" ind2=" "><subfield code="a">Brockelmann, C. GAL,</subfield><subfield code="c">I, 378 ; I, 170 ; SI, 285</subfield></datafield><datafield tag="520" ind1="8" ind2=" "><subfield code="a">Contains three works, mainly of Ḥanafī fiqh, including [1] al-Ghaznawī's work on ʻibādāt and [2] al-Fiqh al-Akbar attributed to Abū Ḥanīfah, followed by [3] Jāmī's collection of commentary on forty hadith accompanied by Fuzulî's elucidation in Turkish.</subfield></datafield><datafield tag="538" ind1=" " ind2=" "><subfield code="a">Mode of access: Internet.</subfield></datafield><datafield tag="541" ind1=" " ind2=" "><subfield code="a">Acquired in 1926 from the bookseller Isaac Benjamin S.E. Yahuda via purchase transacted on his behalf by Abraham Shalom Yahuda (1877-1951), his younger brother.</subfield></datafield><datafield tag="546" ind1=" " ind2=" "><subfield code="a">Arabic, Persian, and Ottoman Turkish.</subfield></datafield><datafield tag="561" ind1=" " ind2=" "><subfield code="a">Octagonal seal impression inscribed "محمد" found on fol.1a; ownership statement accompanied by octagonal seal impression inscribed "عبد المجيد" (ʻAbd al-Majīd) found on fol.82b, reads: "ملكه الفقير اليه عز شانه كليتدار حضرة الاعظمية"; marginal corrections for omissions (see fol.7a, 21a, etc.); glosses throughout, most marked with source (Qāḍī Khān, Shaykh Zādah, al-Bazzāzī al-Kardarī, etc.).</subfield></datafield><datafield tag="650" ind1=" " ind2="0"><subfield code="a">Manuscripts, Arabic</subfield><subfield code="z">Michigan</subfield><subfield code="z">Ann Arbor.</subfield></datafield><datafield tag="650" ind1=" " ind2="0"><subfield code="a">Hanafites</subfield><subfield code="v">Early works to 1800.</subfield></datafield><datafield tag="650" ind1=" " ind2="0"><subfield code="a">Islamic law</subfield><subfield code="v">Early works to 1800.</subfield></datafield><datafield tag="650" ind1=" " ind2="0"><subfield code="a">Islam</subfield><subfield code="x">Customs and practices</subfield><subfield code="v">Early works to 1800.</subfield></datafield><datafield tag="700" ind1="0" ind2=" "><subfield code="6">880-06</subfield><subfield code="a">ʻAbd Allāh ibn Khalīl Chāvush,</subfield><subfield code="d">fl. 1713,</subfield><subfield code="e">scribe.</subfield></datafield><datafield tag="700" ind1="0" ind2="2"><subfield code="6">880-05</subfield><subfield code="a">Fuzulî,</subfield><subfield code="d">1495?-1556.</subfield><subfield code="t">Kırk hadis tercümesi.</subfield></datafield><datafield tag="700" ind1="0" ind2="2"><subfield code="6">880-04</subfield><subfield code="a">Jāmī,</subfield><subfield code="d">1414-1492.</subfield><subfield code="t">Tarjumah-i arbaʻīn ḥadīs̲.</subfield></datafield><datafield tag="700" ind1="0" ind2="2"><subfield code="6">880-03</subfield><subfield code="a">Abū Ḥanīfah,</subfield><subfield code="d">-767 or 768.</subfield><subfield code="t">Fiqh al-akbar.</subfield></datafield><datafield tag="740" ind1="0" ind2="2"><subfield code="a">Tarjamah-i manzūm-i chihil ḥadīs̲</subfield></datafield><datafield tag="740" ind1="0" ind2="2"><subfield code="a">Tarjamat arbaʻīn ḥadīthan</subfield></datafield><datafield tag="740" ind1="0" ind2="2"><subfield code="a">Muqaddimah al-Ghaznawīyah</subfield></datafield><datafield tag="740" ind1="0" ind2="2"><subfield code="a">Kitāb Ghaznawī</subfield></datafield><datafield tag="773" ind1="0" ind2=" "><subfield code="a">Yahuda Collection.</subfield></datafield><datafield tag="880" ind1="0" ind2=" "><subfield code="6">700-06/</subfield><subfield code="a">عبد الله بن خليل چاوش,</subfield><subfield code="e">ناسخ.</subfield></datafield><datafield tag="880" ind1="0" ind2="2"><subfield code="6">700-05/</subfield><subfield code="a">فضولى.</subfield><subfield code="t">قرق حديث ترجمه سى.</subfield></datafield><datafield tag="880" ind1="0" ind2="2"><subfield code="6">700-04/</subfield><subfield code="a">جامى.</subfield><subfield code="t">ترجمه اربعين حديث</subfield></datafield><datafield tag="880" ind1="0" ind2="2"><subfield code="6">700-03/</subfield><subfield code="a">ابو حنيفة.</subfield><subfield code="t">فقه الاكبر.</subfield></datafield><datafield tag="880" ind1="1" ind2="0"><subfield code="6">245-02/</subfield><subfield code="a">[مقدمة الغزنوي ... إلخ,</subfield><subfield code="f">1125ه، 1714م].</subfield></datafield><datafield tag="880" ind1="1" ind2=" "><subfield code="6">100-01/</subfield><subfield code="a">.غزنوي، أحمد بن محمد</subfield></datafield><datafield tag="CID" ind1=" " ind2=" "><subfield code="a">006768261</subfield></datafield><datafield tag="DAT" ind1="0" ind2=" "><subfield code="a">20190719102635.0</subfield><subfield code="b">20190719000000.0</subfield></datafield><datafield tag="DAT" ind1="1" ind2=" "><subfield code="a">20190719090653.0</subfield><subfield code="b">2019-07-19T16:11:19Z</subfield></datafield><datafield tag="DAT" ind1="2" ind2=" "><subfield code="a">2015-10-02T18:00:03Z</subfield></datafield><datafield tag="CAT" ind1=" " ind2=" "><subfield code="a">SDR-MIU</subfield><subfield code="d">EX LIBRIS - ALEPH</subfield><subfield code="l">prepare.pl-004-008</subfield></datafield><datafield tag="FMT" ind1=" " ind2=" "><subfield code="a">BK</subfield></datafield><datafield tag="HOL" ind1=" " ind2=" "><subfield code="0">sdr-miu006768261</subfield><subfield code="a">MiU</subfield><subfield code="b">SDR</subfield><subfield code="c">MIU</subfield><subfield code="p">mdp.39015079125319</subfield><subfield code="s">MIU</subfield><subfield code="1">006768261</subfield></datafield><datafield tag="974" ind1=" " ind2=" "><subfield code="b">MIU</subfield><subfield code="c">MIU</subfield><subfield code="d">20190719</subfield><subfield code="s">lit-dlps-dc</subfield><subfield code="u">mdp.39015079125319</subfield><subfield code="y">1714</subfield><subfield code="r">pd</subfield><subfield code="q">bib</subfield><subfield code="t">non-US bib date1 &lt; 1879</subfield></datafield></record></collection>